@inproceedings{abbasi2007affect,
  title={Affect intensity analysis of dark web forums},
  author={Abbasi, Ahmed and Chen, Hsinchun},
  booktitle={Intelligence and Security Informatics},
  pages={282--288},
  year={2007},
  organization={IEEE}
},

@article{kessler2009global,
  title={The global burden of mental disorders: an update from the WHO World Mental Health (WMH) surveys},
  author={Kessler, Ronald C and Aguilar-Gaxiola, Sergio and Alonso, Jordi and Chatterji, Somnath and Lee, Sing and Ormel, Johan and {\"U}st{\"u}n, T Bedirhan and Wang, Philip S},
  journal={Epidemiologia e Psichiatria Sociale},
  volume={18},
  number={01},
  pages={23--33},
  year={2009},
  publisher={Cambridge Univ Press}
},

@article{ghaemi2008publication,
  title={Publication bias and the pharmaceutical industry: the case of lamotrigine in bipolar disorder},
  author={Ghaemi, S Nassir and Shirzadi, Arshia A and Filkowski, Megan},
  journal={The Medscape Journal of Medicine},
  volume={10},
  number={9},
  pages={211},
  year={2008},
  publisher={WebMD/Medscape Health Network}
},

@article{ullrich2002journaling,
  title={Journaling about stressful events: Effects of cognitive processing and emotional expression},
  author={Ullrich, Philip M and Lutgendorf, Susan K},
  journal={Annals of Behavioral Medicine},
  volume={24},
  number={3},
  pages={244--250},
  year={2002},
  publisher={Springer}
},

@article{svansdottir2006music,
  title={Music therapy in moderate and severe dementia of Alzheimer's type: a case--control study},
  author={Svansdottir, HB and Snaedal, J},
  journal={International Psychogeriatrics},
  volume={18},
  number={04},
  pages={613--621},
  year={2006},
  publisher={Cambridge Univ Press}
}, 

@article{whipple2004music,
  title={Music in intervention for children and adolescents with autism: A meta-analysis},
  author={Whipple, Jennifer},
  journal={Journal of Music Therapy},
  volume={41},
  number={2},
  pages={90--106},
  year={2004},
  publisher={Oxford University Press}
},

@article{lane2009neural,
  title={Neural correlates of heart rate variability during emotion},
  author={Lane, Richard D and McRae, Kateri and Reiman, Eric M and Chen, Kewei and Ahern, Geoffrey L and Thayer, Julian F},
  journal={Neuroimage},
  volume={44},
  number={1},
  pages={213--222},
  year={2009},
  publisher={Elsevier}
},

@book{juslin2011handbook,
  title={Handbook of music and emotion: Theory, research, applications},
  author={Juslin, Patrik N and Sloboda, John},
  year={2011},
  publisher={Oxford University Press}
},

@article{hunter2008mixed,
  title={Mixed affective responses to music with conflicting cues},
  author={Hunter, Patrick G and Schellenberg, E Glenn and Schimmack, Ulrich},
  journal={Cognition \& Emotion},
  volume={22},
  number={2},
  pages={327--352},
  year={2008},
  publisher={Taylor \& Francis}
},

@article{koelsch2006investigating,
  title={Investigating emotion with music: an fMRI study},
  author={Koelsch, Stefan and Fritz, Thomas and M{\"u}ller, Karsten and Friederici, Angela D and others},
  journal={Human Brain Mapping},
  volume={27},
  number={3},
  pages={239--250},
  year={2006},
  publisher={Wiley Online Library}
},

@article{lin2010eeg,
  title={EEG-based emotion recognition in music listening},
  author={Lin, Yuan-Pin and Wang, Chi-Hong and Jung, Tzyy-Ping and Wu, Tien-Lin and Jeng, Shyh-Kang and Duann, Jeng-Ren and Chen, Jyh-Horng},
  journal={Intelligence and Security Informatics, Transactions on Biomedical Engineering},
  volume={57},
  number={7},
  pages={1798--1806},
  year={2010},
  publisher={IEEE}
},

@article{vanderark1993cortisol,
  title={Cortisol, biochemical, and galvanic skin responses to music stimuli of different preference values by college students in biology and music},
  author={Vanderark, Sherman D and Ely, Daniel},
  journal={Perceptual and Motor Skills},
  volume={77},
  number={1},
  pages={227--234},
  year={1993},
  publisher={SAGE Publications}
},

@article{blood2001intensely,
  title={Intensely pleasurable responses to music correlate with activity in brain regions implicated in reward and emotion},
  author={Blood, Anne J and Zatorre, Robert J},
  journal={Proceedings of the National Academy of Sciences},
  volume={98},
  number={20},
  pages={11818--11823},
  year={2001},
  publisher={National Acad Sciences}
},

@article{Kim2008,
author = {Kim, Jonghwa and Andr{\'{e}}, Elisabeth},
doi = {10.1109/TPAMI.2008.26},
file = {:C$\backslash$:/Users/Michael Barone/Dropbox/Michael{\_}B/Lit.Review Papers/04441720.pdf:pdf},
isbn = {0162-8828},
issn = {01628828},
journal = {Intelligence and Security Informatics (IEEE) Transactions on Pattern Analysis and Machine Intelligence},
keywords = {Affective computing,Arousal,Autonomic nervous system,Biosignal,Electrocardiogram,Electromyogram,Emotion recognition,Human-computer interaction,Musical emotion,Physiological signal,Respiration,Skin conductance,Valence},
number = {12},
pages = {2067--2083},
pmid = {18988943},
title = {{Emotion recognition based on physiological changes in music listening}},
volume = {30},
year = {2008}
},

@article{hargreaves1999functions,
  title={The functions of music in everyday life: Redefining the social in music psychology},
  author={Hargreaves, David J and North, Adrian C},
  journal={Psychology of music},
  volume={27},
  number={1},
  pages={71--83},
  year={1999},
  publisher={Sage Publications}
},

@article{maratos2008music,
  title={Music therapy for depression},
  author={Maratos, Anna and Gold, Christian and Wang, Xu and Crawford, Mike},
  journal={The Cochrane Library},
  year={2008},
  publisher={Wiley Online Library}
},

@article{siedliecki2006effect,
  title={Effect of music on power, pain, depression and disability},
  author={Siedliecki, Sandra L and Good, Marion},
  journal={Journal of Advanced Nursing},
  volume={54},
  number={5},
  pages={553--562},
  year={2006},
  publisher={Wiley Online Library}
},

@article{vuoskoski2011measuring,
  title={Measuring music-induced emotion A comparison of emotion models, personality biases, and intensity of experiences},
  author={Vuoskoski, Jonna K and Eerola, Tuomas},
  journal={Musicae Scientiae},
  volume={15},
  number={2},
  pages={159--173},
  year={2011},
  publisher={SAGE Publications}
},

@article{Eerola2011,
isbn = {0305-7356, 1741-3087},
issn = {0305-7356},
journal = {Psychology of Music},
keywords = {and although great strides,battery,dimensional,discrete,emotion,forward have been,music,music has the ability,public throughout the ages,researchers as,this ability has fascinated,three-dimensional,to convey powerful emotions,well as the general},
mendeley-groups = {Emotion},
number = {1},
pages = {18--49},
title = {{A comparison of the discrete and dimensional models of emotion in music}},
url = {http://pom.sagepub.com/cgi/doi/10.1177/0305735610362821$\backslash$nhttp://pom.sagepub.com/content/39/1/18},
volume = {39},
year = {2011}
},

@article{saarikallio2007role,
  title={The role of music in adolescents' mood regulation},
  author={Saarikallio, Suvi and Erkkil{\"a}, Jaakko},
  journal={Psychology of Music},
  volume={35},
  number={1},
  pages={88--109},
  year={2007},
  publisher={Sage Publications}
},

@article{bohlmeijer2010effects,
  title={The effects of mindfulness-based stress reduction therapy on mental health of adults with a chronic medical disease: a meta-analysis},
  author={Bohlmeijer, Ernst and Prenger, Rilana and Taal, Erik and Cuijpers, Pim},
  journal={Journal of Psychosomatic Research},
  volume={68},
  number={6},
  pages={539--544},
  year={2010},
  publisher={Elsevier}
},

@article{esterling1999empirical,
  title={Empirical foundations for writing in prevention and psychotherapy: Mental and physical health outcomes},
  author={Esterling, Brian A and Lâ€™Abate, Luciano and Murray, Edward J and Pennebaker, James W},
  journal={Clinical Psychology Review},
  volume={19},
  number={1},
  pages={79--96},
  year={1999},
  publisher={Elsevier}
},

@article{lacourse2001heavy,
  title={Heavy metal music and adolescent suicidal risk},
  author={Lacourse, Eric and Claes, Michel and Villeneuve, Martine},
  journal={Journal of Youth and Adolescence},
  volume={30},
  number={3},
  pages={321--332},
  year={2001},
  publisher={Springer}
},

@inproceedings{hu2009lyric,
  title={Lyric-based Song Emotion Detection with Affective Lexicon and Fuzzy Clustering Method.},
  author={Hu, Yajie and Chen, Xiaoou and Yang, Deshun},
  booktitle={Proceedings of the 10th Intentional Society for Music Information Retrieval Conference},
  pages={123--128},
  year={2009}
},

@inproceedings{mayer2008rhyme,
  title={Rhyme and Style Features for Musical Genre Classification by Song Lyrics.},
  author={Mayer, Rudolf and Neumayer, Robert and Rauber, Andreas},
  booktitle={Proceedings of the 9th Intentional Society for Music Information Retrieval Conference},
  pages={337--342},
  year={2008}
},

@article{Saari2013,
author = {Saari, Pasi and Eerola, Tuomas},
journal = {Proceedings of the 14th Intentional Society for Music Information Retrieval Conference},
mendeley-groups = {Feature Extractors},
pages = {201--206},
title = {{The Role of Audio and Tags in Music Mood Prediction: A Study Using Semantic Layer Projection.}},
year = {2013}
},

@article{chambless2001empirically,
  title={Empirically supported psychological interventions: Controversies and evidence},
  author={Chambless, Dianne L and Ollendick, Thomas H},
  journal={Annual Review of Psychology},
  volume={52},
  number={1},
  pages={685--716},
  year={2001},
  publisher={Annual Reviews 4139 El Camino Way, PO Box 10139, Palo Alto, CA 94303-0139, USA}
},

@article{corrigan1999impact,
  title={The impact of stigma on severe mental illness},
  author={Corrigan, Patrick W},
  journal={Cognitive and Behavioral Practice},
  volume={5},
  number={2},
  pages={201--222},
  year={1999},
  publisher={Elsevier}
},

@article{pennebaker2007expressive,
  title={Expressive writing, emotional upheavals, and health},
  author={Pennebaker, James W and Chung, Cindy K},
  journal={Handbook of Health Psychology},
  pages={263--284},
  year={2007}
},

@inproceedings{pak2010twitter,
  title={Twitter as a Corpus for Sentiment Analysis and Opinion Mining.},
  author={Pak, Alexander and Paroubek, Patrick},
  booktitle={Proceedings of the 10th International Conference on Language Resources and Evaluation},
  volume={10},
  pages={1320--1326},
  year={2010}
},

@inproceedings{hutto2014vader,
  title={Vader: A parsimonious rule-based model for sentiment analysis of social media text},
  author={Hutto, Clayton J and Gilbert, Eric},
  booktitle={Eighth International Association for the Advancement of Artificial Intelligence Conference on Weblogs and Social Media},
  year={2014}
},

@inproceedings{whitelaw2005using,
  title={Using appraisal groups for sentiment analysis},
  author={Whitelaw, Casey and Garg, Navendu and Argamon, Shlomo},
  booktitle={Proceedings of the 14th Association for Computing Machinery International Conference on Information and Knowledge Management},
  pages={625--631},
  year={2005},
  organization={ACM}
},

@book{manning1999foundations,
  title={Foundations of statistical natural language processing},
  author={Manning, Christopher D and Sch{\"u}tze, Hinrich},
  volume={999},
  year={1999},
  publisher={MIT Press}
},

@article{low2006expressive,
  title={Expressive disclosure and benefit finding among breast cancer patients: mechanisms for positive health effects.},
  author={Low, Carissa A and Stanton, Annette L and Danoff-Burg, Sharon},
  journal={Health Psychology},
  volume={25},
  number={2},
  pages={181},
  year={2006},
  publisher={American Psychological Association}
},

@article{keen2005using,
  title={Using music as a therapy tool to motivate troubled adolescents},
  author={Keen, Alexander W},
  journal={Social Work in Health Care},
  volume={39},
  number={3-4},
  pages={361--373},
  year={2005},
  publisher={Taylor \& Francis}
},

@article{baikie2005emotional,
  title={Emotional and physical health benefits of expressive writing},
  author={Baikie, Karen A and Wilhelm, Kay},
  journal={Advances in Psychiatric Treatment},
  volume={11},
  number={5},
  pages={338--346},
  year={2005},
  publisher={RCP}
},

@article{pennebaker2003psychological,
  title={Psychological aspects of natural language use: Our words, our selves},
  author={Pennebaker, James W and Mehl, Matthias R and Niederhoffer, Kate G},
  journal={Annual Review of Psychology},
  volume={54},
  number={1},
  pages={547--577},
  year={2003},
  publisher={Annual Reviews 4139 El Camino Way, PO Box 10139, Palo Alto, CA 94303-0139, USA}
},

@article{mulac2001empirical,
  title={Empirical support for the gender-as-culture hypothesis.},
  author={Mulac, Anthony and Bradac, James J and Gibbons, Pamela},
  journal={Human Communication Research},
  volume={27},
  number={1},
  pages={121--152},
  year={2001},
  publisher={Wiley Online Library}
},

@book{weintraub1981verbal,
  title={Verbal behavior: Adaptation and psychopathology},
  author={Weintraub, Walter},
  year={1981},
  publisher={Springer Publishing Company}
},

@article{newman2008gender,
  title={Gender differences in language use: An analysis of 14,000 text samples},
  author={Newman, Matthew L and Groom, Carla J and Handelman, Lori D and Pennebaker, James W},
  journal={Discourse Processes},
  volume={45},
  number={3},
  pages={211--236},
  year={2008},
  publisher={Taylor \& Francis}
},

@article{rude2004language,
  title={Language use of depressed and depression-vulnerable college students},
  author={Rude, Stephanie and Gortner, Eva-Maria and Pennebaker, James},
  journal={Cognition \& Emotion},
  volume={18},
  number={8},
  pages={1121--1133},
  year={2004},
  publisher={Taylor \& Francis}
},

@article{pacchetti2000active,
  title={Active music therapy in Parkinsonâ€™s disease: an integrative method for motor and emotional rehabilitation},
  author={Pacchetti, Claudio and Mancini, Francesca and Aglieri, Roberto and Fundar{\`o}, Cira and Martignoni, Emilia and Nappi, Giuseppe},
  journal={Psychosomatic Medicine},
  volume={62},
  number={3},
  pages={386--393},
  year={2000},
  publisher={LWW}
},

@article{diehr1999methods,
  title={Methods for analyzing health care utilization and costs},
  author={Diehr, Paula and Yanez, D and Ash, A and Hornbrook, M and Lin, DY},
  journal={Annual Review of Public Health},
  volume={20},
  number={1},
  pages={125--144},
  year={1999},
  publisher={Annual Reviews 4139 El Camino Way, PO Box 10139, Palo Alto, CA 94303-0139, USA}
},

@article{proctor2012effectiveness,
  title={The effectiveness of interactive journaling in reducing recidivism among substance-dependent jail inmates},
  author={Proctor, Steven L and Hoffmann, Norman G and Allison, Steve},
  journal={International Journal of Offender Therapy and Comparative Criminology},
  volume={56},
  number={2},
  pages={317--332},
  year={2012},
  publisher={SAGE Publications}
},

@article{smith2005effects,
  title={The effects of journaling for women with newly diagnosed breast cancer},
  author={Smith, Susan and Anderson-Hanley, Cay and Langrock, Adela and Compas, Bruce},
  journal={Psycho-Oncology},
  volume={14},
  number={12},
  pages={1075--1082},
  year={2005},
  publisher={Wiley Online Library}
},

@article{stanton2002randomized,
  title={Randomized, controlled trial of written emotional expression and benefit finding in breast cancer patients},
  author={Stanton, Annette L and Danoff-Burg, Sharon and Sworowski, Lisa A and Collins, Charlotte A and Branstetter, Ann D and Rodriguez-Hanley, Alicia and Kirk, Sarah B and Austenfeld, Jennifer L},
  journal={Journal of Clinical Oncology},
  volume={20},
  number={20},
  pages={4160--4168},
  year={2002},
  publisher={American Society of Clinical Oncology}
},

@inproceedings{collobert2008unified,
  title={A unified architecture for natural language processing: Deep neural networks with multitask learning},
  author={Collobert, Ronan and Weston, Jason},
  booktitle={Proceedings of the 25th International Conference on Machine Learning},
  pages={160--167},
  year={2008},
  organization={ACM}
},

@book{joachims2002learning,
  title={Learning to classify text using support vector machines: Methods, theory and algorithms},
  author={Joachims, Thorsten},
  year={2002},
  publisher={Kluwer Academic Publishers}
},

@article{lane2009neural,
  title={Neural correlates of heart rate variability during emotion},
  author={Lane, Richard D and McRae, Kateri and Reiman, Eric M and Chen, Kewei and Ahern, Geoffrey L and Thayer, Julian F},
  journal={Neuroimage},
  volume={44},
  number={1},
  pages={213--222},
  year={2009},
  publisher={Elsevier}
},
@article{Kim2008,
author = {Kim, Jonghwa and Andr{\'{e}}, Elisabeth},
doi = {10.1109/TPAMI.2008.26},
file = {:C$\backslash$:/Users/Michael Barone/Dropbox/Michael{\_}B/Lit.Review Papers/04441720.pdf:pdf},
isbn = {0162-8828},
issn = {01628828},
journal = {Institute for Electrical and Electronics Engineers Transactions on Pattern Analysis and Machine Intelligence},
keywords = {Affective computing,Arousal,Autonomic nervous system,Biosignal,Electrocardiogram,Electromyogram,Emotion recognition,Human-computer interaction,Musical emotion,Physiological signal,Respiration,Skin conductance,Valence},
number = {12},
pages = {2067--2083},
pmid = {18988943},
title = {{Emotion recognition based on physiological changes in music listening}},
volume = {30},
year = {2008}
},

@article{kawachi2001social,
  title={Social ties and mental health},
  author={Kawachi, Ichiro and Berkman, Lisa F},
  journal={Journal of Urban Health},
  volume={78},
  number={3},
  pages={458--467},
  year={2001},
  publisher={Springer}
},

@book{clair2008therapeutic,
  title={Therapeutic uses of music with older adults},
  author={Clair, Alicia Ann and Memmott, Jenny},
  year={2008},
  publisher={ERIC}
},

@article{proctor2012effectiveness,
  title={The effectiveness of interactive journaling in reducing recidivism among substance-dependent jail inmates},
  author={Proctor, Steven L and Hoffmann, Norman G and Allison, Steve},
  journal={International Journal of Offender therapy and Comparative Criminology},
  volume={56},
  number={2},
  pages={317--332},
  year={2012},
  publisher={SAGE Publications}
},

@inproceedings{danisman2008feeler,
  title={Feeler: Emotion classification of text using vector space model},
  author={Danisman, Taner and Alpkocak, Adil},
  booktitle={Artificial Intelligence and Simulation of Behaviour Convention on Communication, Interaction and Social Intelligence},
  volume={1},
  pages={53},
  year={2008}
},

@inproceedings{van2010automatic,
  title={Automatic Mood Classification Using TF* IDF Based on Lyrics.},
  author={Van Zaanen, Menno and Kanters, Pieter},
  booktitle={ISMIR},
  pages={75--80},
  year={2010}
}