@article{downie2003music,
  title={Music Information Retrieval},
  author={Downie, J Stephen},
  journal={Annu Rev Inform Sci},
  volume={37},
  number={1},
  pages={295--340},
  year={2003},
  publisher={Wiley Online Library}
},

@article{woolhouse2014every,
  title={Every Track You Take: Analysing the Dynamics of Song and Genre Reception Through Music Downloading},
  author={Woolhouse, Matthew and Renwick, James and Tidhar, Dan},
  journal={Digital Studies/Le champ num{\'e}rique},
  year={2014}
},

@article{woolhouse2016generalizing,
  title={Generalizing case-based analyses in the study of global music consumption},
  author={Woolhouse, Matthew and Renwick, James},
  journal={Digital Studies/Le champ num{\'e}rique},
  year={2016}
},

@article{woolhouse2013work,
  title={Work, rest and (press) play: Music consumption as an indicator of human economic development},
  author={Woolhouse, Matthew and Bansal, Jotthi},
  journal={The Journal of Interdisciplinary Music Studies},
  volume={7},
  number={1\&2},
  pages={45--71},
  year={2013}
},
@book{ul1995reflections,
  title={Reflections on human development},
  author={Ul Haq, Mahbub},
  year={1995},
  publisher={Oxford University Press}
},

@article{manaris2005zipf,
  title={Zipf's law, music classification, and aesthetics},
  author={Manaris, Bill and Romero, Juan and Machado, Penousal and Krehbiel, Dwight and Hirzel, Timothy and Pharr, Walter and Davis, Robert B},
  journal={Computer Music Journal},
  volume={29},
  number={1},
  pages={55--69},
  year={2005},
  publisher={MIT Press}
},

@book{tzanetakis2011music,
  title={Music data mining},
  author={Tzanetakis, George},
  year={2011},
  publisher={CRC Press}
},

@incollection{pachet2006musical,
  title={Musical metadata and knowledge management},
  author={F. Pachet},
  year={2006},
  booktitle={Encyclopedia of Knowledge Management},
  editor={D. G. Schwartz}, 
  chapter={88},
  pages={672--7},
  publisher={IGI Global}
},

@inproceedings{lai2006data,
  title={Data dictionary: metadata for phonograph records.},
  author={C. Lai and I. Fujinaga},
  booktitle={Proceedings of the 7th International Conference on Music Information Retrieval},
  pages={1--6},
  year={2006}
},

@inproceedings{corthaut2008connecting,
  title={Connecting the Dots: music metadata generation, schemas and applications.},
  author={N. Corthaut and S. Govaerts and K. Verbert and E. Duval},
  booktitle={Proceedings of the 9th International Conference on Music Information Retrieval},
  pages={249--54},
  year={2008}
},

@article{lamere2008social,
  title={Social tagging and music information retrieval},
  author={P. Lamere},
  journal={Journal of New Music Research},
  volume={37},
  number={2},
  pages={101--14},
  year={2008},
  publisher={Taylor \& Francis}
},

@article{swartz2002musicbrainz,
  title={Musicbrainz: A semantic web service},
  author={Swartz, Aaron},
  journal={IEEE Intelligent Systems},
  volume={17},
  number={1},
  pages={76--77},
  year={2002},
  publisher={IEEE}
},

@book{groff2002sql,
  title={{SQL}: the complete reference},
  author={Groff, James R and Weinberg, Paul N and others},
  volume={2},
  year={2002},
  publisher={McGraw-Hill/Osborne}
},

@inproceedings{Woolhouse2015,
author = {Bansal, Jotthi and Woolhouse, Matthew},
pages = {652--658},
title = {Predictive Power of Personality on Music-Genre},
booktitle= {Proceedings of the International Society for Music Information Retrieval},
year = {2015},
organization={International Society for Music Information Retrieval}
},

@inproceedings{celma2008new,
  title={A new approach to evaluating novel recommendations},
  author={Celma, {\`O}scar and Herrera, Perfecto},
  booktitle={Proceedings of the 2008 ACM conference on Recommender systems},
  pages={179--186},
  year={2008},
  organization={ACM}
},

@article{gini1997concentration,
  title={Concentration and dependency ratios},
  author={Gini, C},
  journal={Rivista di politica economica},
  volume={87},
  pages={769--792},
  year={1997}
},

@article{kumar2014detecting,
  title={Detecting misinformation in online social networks using cognitive psychology},
  author={Kumar, KP Krishna and Geethakumari, G},
  journal={Human-centric Computing and Information Sciences},
  volume={4},
  number={1},
  pages={14},
  year={2014},
  publisher={Springer Berlin Heidelberg}
},

@article{Tervaniemi2014,
author = {Tervaniemi, Mari and Huotilainen, Minna and Brattico, Elvira},
doi = {10.3389/fnhum.2014.00496},
issn = {1662-5161},
journal = {Frontiers in human neuroscience},
keywords = {auditory event-related potentials,erps,involuntary attention,learning,memory,mismatch negativity,mmn,musical expertise,musical expertise, auditory event-related potentia,p3a},
mendeley-groups = {Users,Music Cognition},
number = {July},
pages = {496},
pmid = {25071524},
title = {{Melodic multi-feature paradigm reveals auditory profiles in music-sound encoding.}},
url = {http://www.pubmedcentral.nih.gov/articlerender.fcgi?artid=4084670{\&}tool=pmcentrez{\&}rendertype=abstract},
volume = {8},
year = {2014}
},

@article{ross2009personality,
  title={Personality and motivations associated with Facebook use},
  author={Ross, Craig and Orr, Emily S and Sisic, Mia and Arseneault, Jaime M and Simmering, Mary G and Orr, R Robert},
  journal={Computers in Human Behavior},
  volume={25},
  number={2},
  pages={578--586},
  year={2009},
  publisher={Elsevier}
},

@article{kirchman2010structure,
  title={The structure of bacterial communities in the western Arctic Ocean as revealed by pyrosequencing of 16S rRNA genes},
  author={Kirchman, David L and Cottrell, Matthew T and Lovejoy, Connie},
  journal={Environmental Microbiology},
  volume={12},
  number={5},
  pages={1132--1143},
  year={2010},
  publisher={Wiley Online Library}
},

@article{verplanken1993need,
  title={Need for cognition and external information search: Responses to time pressure during decision-making},
  author={Verplanken, Bas},
  journal={Journal of Research in Personality},
  volume={27},
  number={3},
  pages={238--252},
  year={1993},
  publisher={Elsevier}
},

@article{haugtvedt1992need,
  title={Need for cognition and advertising: Understanding the role of personality variables in consumer behavior},
  author={Haugtvedt, Curtis P and Petty, Richard E and Cacioppo, John T},
  journal={Journal of Consumer Psychology},
  volume={1},
  number={3},
  pages={239--260},
  year={1992},
  publisher={Elsevier}
},

@inproceedings{sturm2012analysis,
  title={An analysis of the GTZAN music genre dataset},
  author={Sturm, Bob L},
  booktitle={Proceedings of the second international ACM workshop on Music information retrieval with user-centered and multimodal strategies},
  pages={7--12},
  year={2012},
  organization={ACM}
},

@article{ji2007purchase,
  title={Purchase and consumption habits: Not necessarily what you intend},
  author={Ji, Mindy F and Wood, Wendy},
  journal={Journal of Consumer Psychology},
  volume={17},
  number={4},
  pages={261--276},
  year={2007},
  publisher={Elsevier}
},

@article{weiner1984meaning,
  title={The meaning and measurement of size hierarchies in plant populations},
  author={Weiner, Jacob and Solbrig, Otto T},
  journal={Oecologia},
  volume={61},
  number={3},
  pages={334--336},
  year={1984},
  publisher={Springer}
},

@inproceedings{bogdanov2016cross,
  title={Cross-collection evaluation for music classification tasks},
  author={Bogdanov, Dmitry and Porter, Alastair and Herrera, Perfecto and Serra, Xavier},
  booktitle={Proc. of the Int. Conf. on Music Information Retrieval (ISMIR)},
  year={2016}
},

@inproceedings{sturm2012survey,
  title={A survey of evaluation in music genre recognition},
  author={Sturm, Bob L},
  booktitle={International Workshop on Adaptive Multimedia Retrieval},
  pages={29--66},
  year={2012},
  organization={Springer}
},

@article{vigliensoni2016automatic,
  title={AUTOMATIC MUSIC RECOMMENDATION SYSTEMS: DO DEMOGRAPHIC, PROFILING, AND CONTEXTUAL FEATURES IMPROVE THEIR PERFORMANCE?},
  author={Vigliensoni, Gabriel and Fujinaga, Ichiro}
},

@inproceedings{angeles2010discovering,
  title={Discovering Metadata Inconsistencies.},
  author={Angeles, Bruno and McKay, Cory and Fujinaga, Ichiro},
  booktitle={ISMIR},
  pages={195--200},
  year={2010}
},

@article{vellucci2001music,
  title={Music metadata and authority control in an international context},
  author={S. L. Vellucci},
  journal={Notes},
  volume={57},
  number={3},
  pages={541--54},
  year={2001},
  publisher={Music Library Association}
},

@inproceedings{mckay2006large,
  title={A Large Publicly Accessible Prototype Audio Database for Music Research.},
  author={C. McKay and D. McEnnis and I. Fujinaga},
  booktitle={Proceedings of the 7th International Conference on Music Information Retrieval},
  pages={160--3},
  year={2006}
},

@inproceedings{mckay2010evaluating,
  title={Evaluating the Genre Classification Performance of Lyrical Features Relative to Audio, Symbolic and Cultural Features.},
  author={McKay, Cory and Burgoyne, John Ashley and Hockman, Jason and Smith, Jordan BL and Vigliensoni, Gabriel and Fujinaga, Ichiro},
  booktitle={ISMIR},
  pages={213--218},
  year={2010}
},

@article{zuiderwijk2012potential,
  title={The potential of metadata for linked open data and its value for users and publishers},
  author={Zuiderwijk, Anneke and Jeffery, Keith and Janssen, Marijn},
  journal={JeDEM-eJournal of eDemocracy and Open Government},
  volume={4},
  number={2},
  pages={222--244},
  year={2012}
},

@article{kahneman1973psychology,
  title={On the psychology of prediction.},
  author={Kahneman, Daniel and Tversky, Amos},
  journal={Psychological review},
  volume={80},
  number={4},
  pages={237},
  year={1973},
  publisher={American Psychological Association}
},

@article{kirkham2002visual,
  title={Visual statistical learning in infancy: Evidence for a domain general learning mechanism},
  author={Kirkham, Natasha Z and Slemmer, Jonathan A and Johnson, Scott P},
  journal={Cognition},
  volume={83},
  number={2},
  pages={B35--B42},
  year={2002},
  publisher={Elsevier}
},

@article{conway2005modality,
  title={Modality-constrained statistical learning of tactile, visual, and auditory sequences.},
  author={Conway, Christopher M and Christiansen, Morten H},
  journal={Journal of Experimental Psychology: Learning, Memory, and Cognition},
  volume={31},
  number={1},
  pages={24},
  year={2005},
  publisher={American Psychological Association}
},

@article{conway2010implicit,
  title={Implicit statistical learning in language processing: Word predictability is the key},
  author={Conway, Christopher M and Bauernschmidt, Althea and Huang, Sean S and Pisoni, David B},
  journal={Cognition},
  volume={114},
  number={3},
  pages={356--371},
  year={2010},
  publisher={Elsevier}
},

@article{goldreich2007bayesian,
  title={A Bayesian perceptual model replicates the cutaneous rabbit and other tactile spatiotemporal illusions},
  author={Goldreich, Daniel},
  journal={PloS one},
  volume={2},
  number={3},
  pages={e333},
  year={2007},
  publisher={Public Library of Science}
},

@article{ernst2002humans,
  title={Humans integrate visual and haptic information in a statistically optimal fashion},
  author={Ernst, Marc O and Banks, Martin S},
  journal={Nature},
  volume={415},
  number={6870},
  pages={429--433},
  year={2002},
  publisher={Nature Publishing Group}
},

@article{kording2004bayesian,
  title={Bayesian integration in sensorimotor learning},
  author={K{\"o}rding, Konrad P and Wolpert, Daniel M},
  journal={Nature},
  volume={427},
  number={6971},
  pages={244--247},
  year={2004},
  publisher={Nature Publishing Group}
},

@article{alais2004ventriloquist,
  title={The ventriloquist effect results from near-optimal bimodal integration},
  author={Alais, David and Burr, David},
  journal={Current biology},
  volume={14},
  number={3},
  pages={257--262},
  year={2004},
  publisher={Elsevier}
},

@article{patel2003empirical,
  title={An empirical comparison of rhythm in language and music},
  author={Patel, Aniruddh D and Daniele, Joseph R},
  journal={Cognition},
  volume={87},
  number={1},
  pages={B35--B45},
  year={2003},
  publisher={Elsevier}
},

@article{saffran1999statistical,
  title={Statistical learning of tone sequences by human infants and adults},
  author={Saffran, Jenny R and Johnson, Elizabeth K and Aslin, Richard N and Newport, Elissa L},
  journal={Cognition},
  volume={70},
  number={1},
  pages={27--52},
  year={1999},
  publisher={Elsevier}
},

@article{patel2003language,
  title={Language, music, syntax and the brain},
  author={Patel, Aniruddh D},
  journal={Nature neuroscience},
  volume={6},
  number={7},
  pages={674--681},
  year={2003},
  publisher={Nature Publishing Group}
},

@article{mithen2006singing,
  title={The Singing Neanderthals: the Origins of Music, Language, Mind and Body},
  author={Mithen, Steven and Morley, Iain and Wray, Alison and Tallerman, Maggie and Gamble, Clive},
  journal={Cambridge Archaeological Journal},
  volume={16},
  number={01},
  pages={97--112},
  year={2006},
  publisher={Cambridge Univ Press}
},

@article{turk2008multidimensional,
  title={Multidimensional visual statistical learning.},
  author={Turk-Browne, Nicholas B and Isola, Phillip J and Scholl, Brian J and Treat, Teresa A},
  journal={Journal of Experimental Psychology: Learning, Memory, and Cognition},
  volume={34},
  number={2},
  pages={399},
  year={2008},
  publisher={American Psychological Association}
},

@article{butler2010bayesian,
  title={Bayesian integration of visual and vestibular signals for heading},
  author={Butler, John S and Smith, Stuart T and Campos, Jennifer L and B{\"u}lthoff, Heinrich H},
  journal={Journal of vision},
  volume={10},
  number={11},
  pages={23--23},
  year={2010},
  publisher={The Association for Research in Vision and Ophthalmology}
},

@article{mnih2013playing,
  title={Playing atari with deep reinforcement learning},
  author={Mnih, Volodymyr and Kavukcuoglu, Koray and Silver, David and Graves, Alex and Antonoglou, Ioannis and Wierstra, Daan and Riedmiller, Martin},
  journal={arXiv preprint arXiv:1312.5602},
  year={2013}
},

@inproceedings{wu2014deep,
  title={Deep dynamic neural networks for gesture segmentation and recognition},
  author={Wu, Di and Shao, Ling},
  booktitle={Workshop at the European Conference on Computer Vision},
  pages={552--571},
  year={2014},
  organization={Springer}
},

@inproceedings{guo2014deep,
  title={Deep learning for real-time Atari game play using offline Monte-Carlo tree search planning},
  author={Guo, Xiaoxiao and Singh, Satinder and Lee, Honglak and Lewis, Richard L and Wang, Xiaoshi},
  booktitle={Advances in neural information processing systems},
  pages={3338--3346},
  year={2014}
},

@article{muller2008machine,
  title={Machine learning for real-time single-trial EEG-analysis: from brain--computer interfacing to mental state monitoring},
  author={M{\"u}ller, Klaus-Robert and Tangermann, Michael and Dornhege, Guido and Krauledat, Matthias and Curio, Gabriel and Blankertz, Benjamin},
  journal={Journal of neuroscience methods},
  volume={167},
  number={1},
  pages={82--90},
  year={2008},
  publisher={Elsevier}
},

@article{wang2014emotional,
  title={Emotional state classification from EEG data using machine learning approach},
  author={Wang, Xiao-Wei and Nie, Dan and Lu, Bao-Liang},
  journal={Neurocomputing},
  volume={129},
  pages={94--106},
  year={2014},
  publisher={Elsevier}
},

@article{lin2010eeg,
  title={EEG-based emotion recognition in music listening},
  author={Lin, Yuan-Pin and Wang, Chi-Hong and Jung, Tzyy-Ping and Wu, Tien-Lin and Jeng, Shyh-Kang and Duann, Jeng-Ren and Chen, Jyh-Horng},
  journal={IEEE Transactions on Biomedical Engineering},
  volume={57},
  number={7},
  pages={1798--1806},
  year={2010},
  publisher={IEEE}
},

@article{lane2009neural,
  title={Neural correlates of heart rate variability during emotion},
  author={Lane, Richard D and McRae, Kateri and Reiman, Eric M and Chen, Kewei and Ahern, Geoffrey L and Thayer, Julian F},
  journal={Neuroimage},
  volume={44},
  number={1},
  pages={213--222},
  year={2009},
  publisher={Elsevier}
},

@article{schindler2008recognizing,
  title={Recognizing emotions expressed by body pose: A biologically inspired neural model},
  author={Schindler, Konrad and Van Gool, Luc and de Gelder, Beatrice},
  journal={Neural networks},
  volume={21},
  number={9},
  pages={1238--1246},
  year={2008},
  publisher={Elsevier}
},

@article{rentfrow2003re,
  title={The do re mi's of everyday life: the structure and personality correlates of music preferences.},
  author={Rentfrow, Peter J and Gosling, Samuel D},
  journal={Journal of personality and social psychology},
  volume={84},
  number={6},
  pages={1236},
  year={2003},
  publisher={American Psychological Association}
},

@inproceedings{krizhevsky2012imagenet,
  title={Imagenet classification with deep convolutional neural networks},
  author={Krizhevsky, Alex and Sutskever, Ilya and Hinton, Geoffrey E},
  booktitle={Advances in neural information processing systems},
  pages={1097--1105},
  year={2012}
},

@article{pontil1998support,
  title={Support vector machines for 3D object recognition},
  author={Pontil, Massimiliano and Verri, Alessandro},
  journal={IEEE transactions on pattern analysis and machine intelligence},
  volume={20},
  number={6},
  pages={637--646},
  year={1998},
  publisher={IEEE}
},

@inproceedings{lafferty2001conditional,
  title={Conditional random fields: Probabilistic models for segmenting and labeling sequence data},
  author={Lafferty, John and McCallum, Andrew and Pereira, Fernando and others},
  booktitle={Proceedings of the eighteenth international conference on machine learning, ICML},
  volume={1},
  pages={282--289},
  year={2001}
},

@article{shami2007evaluation,
  title={An evaluation of the robustness of existing supervised machine learning approaches to the classification of emotions in speech},
  author={Shami, Mohammad and Verhelst, Werner},
  journal={Speech Communication},
  volume={49},
  number={3},
  pages={201--212},
  year={2007},
  publisher={Elsevier}
},

@book{vapnik2013nature,
  title={The nature of statistical learning theory},
  author={Vapnik, Vladimir},
  year={2013},
  publisher={Springer science \& business media}
},

@article{hauser2001segmentation,
  title={Segmentation of the speech stream in a non-human primate: statistical learning in cotton-top tamarins},
  author={Hauser, Marc D and Newport, Elissa L and Aslin, Richard N},
  journal={Cognition},
  volume={78},
  number={3},
  pages={B53--B64},
  year={2001},
  publisher={Elsevier}
},

@article{pearce2010unsupervised,
  title={Unsupervised statistical learning underpins computational, behavioural, and neural manifestations of musical expectation},
  author={Pearce, Marcus T and Ruiz, Mar{\'\i}a Herrojo and Kapasi, Selina and Wiggins, Geraint A and Bhattacharya, Joydeep},
  journal={NeuroImage},
  volume={50},
  number={1},
  pages={302--313},
  year={2010},
  publisher={Elsevier}
},

@book{meyer2008emotion,
  title={Emotion and meaning in music},
  author={Meyer, Leonard B},
  year={2008},
  publisher={University of Chicago Press}
},

@article{rohrmeier2012predictive,
  title={Predictive information processing in music cognition. A critical review},
  author={Rohrmeier, Martin A and Koelsch, Stefan},
  journal={International Journal of Psychophysiology},
  volume={83},
  number={2},
  pages={164--175},
  year={2012},
  publisher={Elsevier}
},

@article{otsuka2009discriminative,
  title={Discriminative and reinforcing stimulus properties of music for rats},
  author={Otsuka, Y and Yanagi, J and Watanabe, S},
  journal={Behavioural processes},
  volume={80},
  number={2},
  pages={121--127},
  year={2009},
  publisher={Elsevier}
},

@article{chase2001music,
  title={Music discriminations by carp (Cyprinus carpio)},
  author={Chase, Ava R},
  journal={Animal Learning \& Behavior},
  volume={29},
  number={4},
  pages={336--353},
  year={2001},
  publisher={Springer}
},

@article{hagmann2010testing,
  title={Testing meter, rhythm, and tempo discriminations in pigeons},
  author={Hagmann, Carl Erick and Cook, Robert G},
  journal={Behavioural processes},
  volume={85},
  number={2},
  pages={99--110},
  year={2010},
  publisher={Elsevier}
},

@article{hoeschele2015searching,
  title={Searching for the origins of musicality across species},
  author={Hoeschele, Marisa and Merchant, Hugo and Kikuchi, Yukiko and Hattori, Yuko and ten Cate, Carel},
  journal={Phil. Trans. R. Soc. B},
  volume={370},
  number={1664},
  pages={20140094},
  year={2015},
  publisher={The Royal Society}
},

@article{fitch2006biology,
  title={On the biology and evolution of music},
  author={Fitch, W Tecumseh},
  journal={Music Perception: An Interdisciplinary Journal},
  volume={24},
  number={1},
  pages={85--88},
  year={2006},
  publisher={University of California Press Journals}
},

@article{brattico2009neural,
  title={Neural discrimination of nonprototypical chords in music experts and laymen: an MEG study},
  author={Brattico, Elvira and Pallesen, Karen Johanne and Varyagina, Olga and Bailey, Christopher and Anourova, Irina and J{\"a}rvenp{\"a}{\"a}, Miika and Eerola, Tuomas and Tervaniemi, Mari},
  journal={Journal of Cognitive Neuroscience},
  volume={21},
  number={11},
  pages={2230--2244},
  year={2009},
  publisher={MIT Press}
},

@book{darwin1883descent,
  title={The Descent of Man and Selection in Relation to Sex},
  author={Darwin, Charles},
  year={1883},
  publisher={Penguin Classics}
},

@misc{darwin1871descent,
  title={The descent of man},
  author={Darwin, Charles},
  year={1871},
  publisher={London: John Murray}
},

@book{blacking1995music,
  title={Music, culture, and experience: Selected papers of John Blacking},
  author={Blacking, John and Byron, Reginald and Nettl, Bruno},
  year={1995},
  publisher={University of Chicago Press}
},

@article{nuttall2011understanding,
  title={Understanding music consumption through a tribal lens},
  author={Nuttall, Peter and Arnold, Sally and Carless, Luke and Crockford, Lily and Finnamore, Katie and Frazier, Richard and Hill, Alicia},
  journal={Journal of Retailing and Consumer Services},
  volume={18},
  number={2},
  pages={152--159},
  year={2011},
  publisher={Elsevier}
},

@misc{webster2015share,
  title={Share of Ear: Study Shows Dramatic Increase In Podcasting Consumption},
  author={Webster, T},
  journal={Edison Research.},
  year={2015}
},

@article{pinker1999mind,
  title={How the mind works},
  author={Pinker, Steven},
  journal={Annals of the New York Academy of Sciences},
  volume={882},
  number={1},
  pages={119--127},
  year={1999},
  publisher={Wiley Online Library}
},

@article{huron2001music,
  title={Is music an evolutionary adaptation?},
  author={Huron, David},
  journal={Annals of the New York Academy of sciences},
  volume={930},
  number={1},
  pages={43--61},
  year={2001},
  publisher={Wiley Online Library}
},

@article{brown2007contagious,
  title={Contagious heterophony: a new theory about the origins of music},
  author={Brown, Steven},
  journal={Musicae Scientiae},
  volume={11},
  number={1},
  pages={3--26},
  year={2007},
  publisher={SAGE Publications}
},

@incollection{brown2000evolutionary,
  title={Evolutionary models of music: From sexual selection to group selection},
  author={Brown, Steven},
  booktitle={Perspectives in ethology},
  pages={231--281},
  year={2000},
  publisher={Springer}
},

@book{brown1991human,
  title={Human universals},
  author={Brown, Donald E}
},

@book{wallin2001origins,
  title={The origins of music},
  author={Wallin, Nils Lennart and Merker, Bj{\"o}rn},
  year={2001},
  publisher={MIT press}
},

@article{cross2009music,
  title={Music as a communicative medium},
  author={Cross, Ian and Woodruff, Ghofur Eliot},
  journal={The prehistory of language},
  volume={1},
  pages={113--144},
  year={2009},
  publisher={Oxford University Press Oxford, UK}
},

@article{cross2012music,
  title={Music as a social and cognitive process},
  author={Cross, Ian},
  journal={Language and music as cognitive systems},
  pages={315--328},
  year={2012},
  publisher={Oxford University Press Oxford}
},

@inproceedings{maddage2004singing,
  title={Singing voice detection using twice-iterated composite fourier transform},
  author={Maddage, Namunu Chinthaka and Wan, Kongwah and Xu, Changsheng and Wang, Ye},
  booktitle={Multimedia and Expo, 2004. ICME'04. 2004 IEEE International Conference on},
  volume={2},
  pages={1347--1350},
  year={2004},
  organization={IEEE}
},

@article{shao2009music,
  title={Music recommendation based on acoustic features and user access patterns},
  author={Shao, Bo and Wang, Dingding and Li, Tao and Ogihara, Mitsunori},
  journal={IEEE Transactions on Audio, Speech, and Language Processing},
  volume={17},
  number={8},
  pages={1602--1611},
  year={2009},
  publisher={IEEE}
},

@article{li2007probabilistic,
  title={A probabilistic music recommender considering user opinions and audio features},
  author={Li, Qing and Myaeng, Sung Hyon and Kim, Byeong Man},
  journal={Information processing \& management},
  volume={43},
  number={2},
  pages={473--487},
  year={2007},
  publisher={Elsevier}
},

@article{peretz2005brain,
  title={Brain organization for music processing},
  author={Peretz, Isabelle and Zatorre, Robert J},
  journal={Annu. Rev. Psychol.},
  volume={56},
  pages={89--114},
  year={2005},
  publisher={Annual Reviews}
},

@inproceedings{regnier2009singing,
  title={Singing voice detection in music tracks using direct voice vibrato detection},
  author={Regnier, Lise and Peeters, Geoffroy},
  booktitle={2009 IEEE International Conference on Acoustics, Speech and Signal Processing},
  pages={1685--1688},
  year={2009},
  organization={IEEE}
},

@article{mozer1994neural,
  title={Neural network music composition by prediction: Exploring the benefits of psychoacoustic constraints and multi-scale processing},
  author={Mozer, Michael C},
  journal={Connection Science},
  volume={6},
  number={2-3},
  pages={247--280},
  year={1994},
  publisher={Taylor \& Francis}
},

@article{agmon1990music,
  title={Music theory as cognitive science: Some conceptual and methodological issues},
  author={Agmon, Eytan},
  journal={Music Perception: An Interdisciplinary Journal},
  volume={7},
  number={3},
  pages={285--308},
  year={1990},
  publisher={University of California Press Journals}
},

@article{hajda1997methodological,
  title={Methodological issues in timbre research.},
  author={Hajda, John M and Kendall, Roger A and Carterette, Edward C and Harshberger, Michael L},
  year={1997},
  publisher={Psychology Press/Erlbaum (UK) Taylor \& Francis}
},

@article{friberg2014using,
  title={Using perceptually defined music features in music information retrieval},
  author={Friberg, Anders and Schoonderwaldt, Erwin and Hedblad, Anton and Fabiani, Marco and Elowsson, Anders},
  journal={arXiv preprint arXiv:1403.7923},
  year={2014}
},

@article{swartz2002musicbrainz,
  title={Musicbrainz: A semantic web service},
  author={Swartz, Aaron},
  journal={IEEE Intelligent Systems},
  volume={17},
  number={1},
  pages={76--77},
  year={2002},
  publisher={IEEE}
},

@inproceedings{futrelle2002interdisciplinary,
  title={Interdisciplinary communities and research issues in Music Information Retrieval.},
  author={Futrelle, Joe and Downie, J Stephen},
  booktitle={ISMIR},
  volume={2},
  pages={215--221},
  year={2002}
},

@article{casey2008content,
  title={Content-based music information retrieval: Current directions and future challenges},
  author={Casey, Michael A and Veltkamp, Remco and Goto, Masataka and Leman, Marc and Rhodes, Christophe and Slaney, Malcolm},
  journal={Proceedings of the IEEE},
  volume={96},
  number={4},
  pages={668--696},
  year={2008},
  publisher={IEEE}
},

@book{friedman2001elements,
  title={The elements of statistical learning},
  author={Friedman, Jerome and Hastie, Trevor and Tibshirani, Robert},
  volume={1},
  year={2001},
  publisher={Springer series in statistics Springer, Berlin}
},

@book{getoor2007introduction,
  title={Introduction to statistical relational learning},
  author={Getoor, Lise},
  year={2007},
  publisher={MIT press}
},

@inproceedings{aucouturier2012mel,
  title={Mel Cepstrum \& Ann Ova: The Difficult Dialog Between MIR and Music Cognition.},
  author={Aucouturier, Jean-Julien and Bigand, Emmanuel},
  booktitle={ISMIR},
  pages={397--402},
  year={2012}
},

@article{aucouturier2013seven,
  title={Seven problems that keep MIR from attracting the interest of cognition and neuroscience},
  author={Aucouturier, Jean-Julien and Bigand, Emmanuel},
  journal={Journal of Intelligent Information Systems},
  volume={41},
  number={3},
  pages={483--497},
  year={2013},
  publisher={Springer}
},

@article{toiviainen1998timbre,
  title={Timbre similarity: Convergence of neural, behavioral, and computational approaches},
  author={Toiviainen, Petri and Tervaniemi, Mari and Louhivuori, Jukka and Saher, Marieke and Huotilainen, Minna and N{\"a}{\"a}t{\"a}nen, Risto},
  journal={Music Perception: An Interdisciplinary Journal},
  volume={16},
  number={2},
  pages={223--241},
  year={1998},
  publisher={University of California Press Journals}
},

@article{simoncelli2001natural,
  title={Natural image statistics and neural representation},
  author={Simoncelli, Eero P and Olshausen, Bruno A},
  journal={Annual review of neuroscience},
  volume={24},
  number={1},
  pages={1193--1216},
  year={2001},
  publisher={Annual Reviews 4139 El Camino Way, PO Box 10139, Palo Alto, CA 94303-0139, USA}
},

@article{goldreich2007bayesian,
  title={A Bayesian perceptual model replicates the cutaneous rabbit and other tactile spatiotemporal illusions},
  author={Goldreich, Daniel},
  journal={PloS one},
  volume={2},
  number={3},
  pages={e333},
  year={2007},
  publisher={Public Library of Science}
},

@article{besson2010bayesian,
  title={Bayesian networks and information theory for audio-visual perception modeling},
  author={Besson, Patricia and Richiardi, Jonas and Bourdin, Christophe and Bringoux, Lionel and Mestre, Daniel R and Vercher, Jean-Louis},
  journal={Biological cybernetics},
  volume={103},
  number={3},
  pages={213--226},
  year={2010},
  publisher={Springer}
},

@inproceedings{park2006context,
  title={A context-aware music recommendation system using fuzzy bayesian networks with utility theory},
  author={Park, Han-Saem and Yoo, Ji-Oh and Cho, Sung-Bae},
  booktitle={International Conference on Fuzzy Systems and Knowledge Discovery},
  pages={970--979},
  year={2006},
  organization={Springer}
},

@book{cemgil2004bayesian,
  title={Bayesian music transcription},
  author={Cemgil, Ali Taylan},
  year={2004},
  publisher={[Sl: sn]}
},

@article{kendall1993verbal,
  title={Verbal attributes of simultaneous wind instrument timbres: I. von Bismarck's adjectives},
  author={Kendall, Roger A and Carterette, Edward C},
  journal={Music Perception: An Interdisciplinary Journal},
  volume={10},
  number={4},
  pages={445--467},
  year={1993},
  publisher={University of California Press Journals}
},

@article{ashton2009internet,
  title={That ‘internet of things’ thing},
  author={Ashton, Kevin},
  journal={RFiD Journal},
  volume={22},
  number={7},
  pages={97--114},
  year={2009}
},

@article{hamilton1964genetical,
  title={The genetical evolution of social behaviour. II},
  author={Hamilton, William D},
  journal={Journal of theoretical biology},
  volume={7},
  number={1},
  pages={17--52},
  year={1964},
  publisher={Elsevier}
},

@book{dissanayake2015art,
  title={What is art for?},
  author={Dissanayake, Ellen},
  year={1988},
  publisher={University of Washington Press}
},

@article{koelsch2004music,
  title={Music, language and meaning: brain signatures of semantic processing},
  author={Koelsch, Stefan and Kasper, Elisabeth and Sammler, Daniela and Schulze, Katrin and Gunter, Thomas and Friederici, Angela D},
  journal={Nature neuroscience},
  volume={7},
  number={3},
  pages={302--307},
  year={2004},
  publisher={Nature Publishing Group}
},

@article{siedenburg2016comparison,
  title={A comparison of approaches to timbre descriptors in music information retrieval and music psychology},
  author={Siedenburg, Kai and Fujinaga, Ichiro and McAdams, Stephen},
  journal={Journal of New Music Research},
  volume={45},
  number={1},
  pages={27--41},
  year={2016},
  publisher={Taylor \& Francis}
},

@inproceedings{bogdanov2013essentia,
  title={Essentia: An Audio Analysis Library for Music Information Retrieval.},
  author={Bogdanov, Dmitry and Wack, Nicolas and G{\'o}mez, Emilia and Gulati, Sankalp and Herrera, Perfecto and Mayor, Oscar and Roma, Gerard and Salamon, Justin and Zapata, Jos{\'e} R and Serra, Xavier},
  booktitle={ISMIR},
  pages={493--498},
  year={2013},
  organization={Citeseer}
},

@article{Bogdanov2009FromMeasures,
    title = {{From Low-Level to High-Level: Comparative Study of Music Similarity Measures}},
    year = {2009},
    journal = {2009 11th IEEE International Symposium on Multimedia},
    author = {Bogdanov, Dmitry and Serr{\`{a}}, Joan and Wack, Nicolas and Herrera, Perfecto},
    number = {3},
    pages = {453--458},
    volume = {7},
    url = {http://ieeexplore.ieee.org/lpdocs/epic03/wrapper.htm?arnumber=5366050},
    isbn = {9781424452316},
    doi = {10.1109/ISM.2009.72}
},

@inproceedings{bogdanov2013essentia,
  title={Essentia: An Audio Analysis Library for Music Information Retrieval.},
  author={Bogdanov, Dmitry and Wack, Nicolas and G{\'o}mez, Emilia and Gulati, Sankalp and Herrera, Perfecto and Mayor, Oscar and Roma, Gerard and Salamon, Justin and Zapata, Jos{\'e} R and Serra, Xavier},
  booktitle={ISMIR},
  pages={493--498},
  year={2013},
  organization={Citeseer}
},

@inproceedings{streich2005detrended,
  title={Detrended Fluctuation Analysis of Music Signals: Danceability Estimation and further Semantic Characterization},
  author={Streich, Sebastian and Herrera, Perfecto},
  booktitle={Proceedings of the 118th AES Convention},
  year={2005}
},

@article{eerola2010comparison,
  title={A comparison of the discrete and dimensional models of emotion in music},
  author={Eerola, Tuomas and Vuoskoski, Jonna K},
  journal={Psychology of Music},
  year={2010},
  publisher={SAGE Publications}
},

@article{krumhansl1997exploratory,
  title={An exploratory study of musical emotions and psychophysiology.},
  author={Krumhansl, Carol L},
  journal={Canadian Journal of Experimental Psychology/Revue canadienne de psychologie exp{\'e}rimentale},
  volume={51},
  number={4},
  pages={336},
  year={1997},
  publisher={Canadian Psychological Association}
},

@article{pearce2010unsupervised,
  title={Unsupervised statistical learning underpins computational, behavioural, and neural manifestations of musical expectation},
  author={Pearce, Marcus T and Ruiz, Mar{\'\i}a Herrojo and Kapasi, Selina and Wiggins, Geraint A and Bhattacharya, Joydeep},
  journal={NeuroImage},
  volume={50},
  number={1},
  pages={302--313},
  year={2010},
  publisher={Elsevier}
},

@book{wundt1897outlines,
  title={Outlines of psychology},
  author={Wundt, Wilhelm Max},
  year={1897},
  publisher={W. Engelmann}
},

@article{chen2001,
author = {Chen, Hung-chen and Chen, Arbee L P},
doi = {10.1145/502585.502625},
isbn = {1581134363},
issn = {09259902},
journal = {CIKM '01 Proceedings of the tenth international conference on Information and knowledge management},
keywords = {access histories,music recommendation,perceptual properties,recommendation methods,user profiles},
mendeley-groups = {Users,Music Recommendation},
pages = {231--238},
title = {{A music recommendation system based on music data grouping and user interests}},
year = {2001}
},

@inproceedings{lippens2004comparison,
  title={A comparison of human and automatic musical genre classification},
  author={S. Lippens and J.P. Martens and T. De Mulder},
  booktitle={IEEE International Conference on Acoustics, Speech, and Signal Processing, 2004. Proceedings.},
  volume={4},
  pages={iv--233},
  year={2004},
  organization={IEEE}
},

@inproceedings{lee2004survey,
  title={Survey Of Music Information Needs, Uses, And Seeking Behaviours: Preliminary Findings.},
  author={Lee, Jin Ha and Downie, J Stephen},
  booktitle={ISMIR},
  volume={2004},
  pages={5th},
  year={2004},
  organization={Citeseer}
},

@article{BurgoyneHookedMusic,
    title = {{Hooked on Music Hooked on Music}},
    author = {Burgoyne, John Ashley and Ashley, John and Jan, Burgoyne}
},

@article{bielby2004managing,
  title={Managing culture matters: Genre, aesthetic elements, and the international market for exported television},
  author={Bielby, Denise D and Harrington, C Lee},
  journal={Poetics},
  volume={32},
  number={1},
  pages={73--98},
  year={2004},
  publisher={Elsevier}
},

@article{Bergstra2006AggregateClassification,
    title = {{Aggregate features and ADABOOST for music classification}},
    year = {2006},
    journal = {Machine Learning},
    author = {Bergstra, James and Casagrande, Norman and Erhan, Dumitru and Eck, Douglas and K{\'{e}}gl, Balázs},
    number = {2-3},
    pages = {473--484},
    volume = {65},
    isbn = {3131865962},
    doi = {10.1007/s10994-006-9019-7},
    issn = {08856125},
    pmid = {16347470},
    keywords = {Artist recognition, Audio feature aggregation, Genre classification, MIREX, Multiclass ADABOOST}
},

@inproceedings{lartillot2007matlab,
  title={A Matlab toolbox for musical feature extraction from audio},
  author={Lartillot, Olivier and Toiviainen, Petri},
  booktitle={International Conference on Digital Audio Effects},
  pages={237--244},
  year={2007}
},

@inproceedings{porter2015acousticbrainz,
  title={Acousticbrainz: a community platform for gathering music information obtained from audio},
  author={Porter, Alastair and Bogdanov, Dmitry and Kaye, Robert and Tsukanov, Roman and Serra, Xavier},
  booktitle={Proceedings of the 16th ISMIR Conference},
  volume={787},
  year={2015}
},

@inproceedings{levy2006extraction,
  title={Extraction of High-Level Musical Structure From Audio Data and Its Application to Thumbnail Generation.},
  author={Levy, Mark and Sandler, Mark B and Casey, Michael A},
  booktitle={ICASSP (5)},
  pages={13--16},
  year={2006},
  organization={Citeseer}
},

@article{sethares2005beat,
  title={Beat tracking of musical performances using low-level audio features},
  author={Sethares, William A and Morris, Robin D and Sethares, James C},
  journal={IEEE Transactions on speech and audio processing},
  volume={13},
  number={2},
  pages={275--285},
  year={2005},
  publisher={IEEE}
},

@article{aucouturier2002Music,
    title = {{Music Similarity Measures : What ’ s the Use ?}},
    year = {2002},
    journal = {Ismir},
    author = {Aucouturier, Jean-julien and Pachet, François},
    pages = {7}
},

@article{barone2017leaky,
  title={Acoustic Features Influence Musical Choices Across Multiple Genres},
  author={M.D. Barone, and J. Bansal, and M.H. Woolhouse},
  journal={Frontiers in Psychology},
  doi={10.3389/fpsyg.2017.00931},
  year={2017}
},

@inproceedings{bansal2015predictive,
  title={Predictive Power of Personality on Music-Genre Exclusivity.},
  author={Bansal, Jotthi and Woolhouse, Matthew},
  booktitle={Proceedings of the 15th International Conference on Music Information Retrieval},
  pages={652--658},
  year={2015}
},

@inproceedings{bertin:00,
  title={The million song dataset},
  author={T. Bertin-Mahieux and D. P. Ellis and B. Whitman and P. Lamere},
  booktitle={Proceedings of the 12th International Society for Music Information Retrieval Conference},
  pages={591--596},
  year={2011}
},

@article{cannam2010linked,
  title={Linked data and you: Bringing music research software into the semantic web},
  author={{C., Cannam and M., Sandler and M.O., Jewell and C. Rhodes and M. d'Inverno}},
  journal={Journal of New Music Research},
  volume={39},
  number={4},
  pages={313--325},
  year={2010},
  publisher={Taylor \& Francis}
},

@article{sturm2014state,
  title={The state of the art ten years after a state of the art: Future research in music information retrieval},
  author={B.L. Sturm},
  journal={Journal of New Music Research},
  volume={43},
  number={2},
  pages={147--172},
  year={2014},
  publisher={Taylor \& Francis}
},

@inproceedings{corthaut2008connecting,
  title={Connecting the Dots: Music Metadata Generation, Schemas and Applications.},
  author={N. Corthaut, and S. Govaerts, and K. Verbert, and E. Duval},
  booktitle={Proceedings of the 9th International Conference on Music Information Retrieval},
  pages={249--254},
  year={2008}
},

@inproceedings{angeles:00,
  title={Discovering metadata inconsistencies.},
  author={B. Angeles and C. McKay and I. Fujinaga},
  booktitle={Proceedings of the 11th International Society for Music Information Retrieval},
  pages={195--200},
  year={2010}
},

@book{anderson2007long,
  title={The long tail: How endless choice is creating unlimited demand},
  author={Anderson, Chris},
  year={2007},
  publisher={Random House}
},

@inproceedings{levy2010music,
  title={Music recommendation and the long tail},
  author={Levy, Mark and Bosteels, Klaas},
  booktitle={1st Workshop On Music Recommendation And Discovery (WOMRAD), ACM RecSys, 2010, Barcelona, Spain},
  year={2010},
  organization={Citeseer}
},

@misc{wilson1949human,
  title={Human Behavior and the Principle of Least Effort},
  author={Wilson, Logan and Zipf, George K},
  year={1949},
  publisher={JSTOR}
},

@article{navarro2001guided,
  title={A guided tour to approximate string matching},
  author={G. Navarro},
  journal={Association for Computing Machinery: Computing Surveys},
  volume={33},
  number={1},
  pages={31--88},
  year={2001}
},

@inproceedings{vigliensoni:00,
  title={Musicbrainz for The world: the Chilean experience.},
  author={G. Vigliensoni and J.A. Burgoyne and I. Fujinaga},
  booktitle={Proceedings of the 14th International Society for Music Information Retrieval Conference},
  pages={131--136},
  year={2013}
},

@article{butt2008personality,
  title={Personality and self reported mobile phone use},
  author={Butt, Sarah and Phillips, James G},
  journal={Computers in Human Behavior},
  volume={24},
  number={2},
  pages={346--360},
  year={2008},
  publisher={Elsevier}
},

@article{rieskamp2006extending,
  title={Extending the bounds of rationality: evidence and theories of preferential choice},
  author={Rieskamp, J{\"o}rg and Busemeyer, Jerome R and Mellers, Barbara A},
  journal={Journal of Economic Literature},
  volume={44},
  number={3},
  pages={631--661},
  year={2006},
  publisher={American Economic Association}
},

@book{coopersmith1981,
  title={Coopersmith Self-esteem Inventories: SEI.},
  author={Coopersmith, Stanley},
  year={1981},
  publisher={Consulting Psychologists Press}
},

@article{hughes2012tale,
  title={A tale of two sites: Twitter vs. {Facebook} and the personality predictors of social media usage},
  author={Hughes, David John and Rowe, Moss and Batey, Mark and Lee, Andrew},
  journal={Computers in Human Behavior},
  volume={28},
  number={2},
  pages={561--569},
  year={2012},
  publisher={Elsevier}
},

@article{Rentfrow2003,
author = {Rentfrow, Peter J. and Gosling, Samuel D.},
doi = {10.1037/0022-3514.84.6.1236},
isbn = {0022-3514},
issn = {0022-3514},
journal = {Journal of Personality and Social Psychology},
mendeley-groups = {Users,Music Cognition},
number = {6},
pages = {1236--1256},
pmid = {12793587},
title = {The Do Re Mi's of Everyday Life: The Structure and Personality Correlates of Music Preferences},
url = {http://doi.apa.org/getdoi.cfm?doi=10.1037/0022-3514.84.6.1236},
volume = {84},
year = {2003}
},

@article{zweigenhaft2008re,
  title={A do re mi encore: A closer look at the personality correlates of music preferences},
  author={Zweigenhaft, Richard L},
  journal={Journal of Individual Differences},
  volume={29},
  number={1},
  pages={45--55},
  year={2008},
  publisher={Hogrefe \& Huber Publishers}
},

@article{rawlings1997music,
  title={Music preference and the five-factor model of the {NEO} Personality Inventory},
  author={Rawlings, David and Ciancarelli, Vera},
  journal={Psychology of Music},
  volume={25},
  number={2},
  pages={120--132},
  year={1997},
  publisher={Sage Publications}
},

@article{forgas1995mood,
  title={Mood and judgment: The affect infusion model {(AIM)}},
  author={Forgas, Joseph P},
  journal={Psychological Bulletin},
  volume={117},
  number={1},
  pages={39},
  year={1995},
  publisher={American Psychological Association}
},

@article{halko2015risk,
  title={Risk ON/Risk Off: Risk-Taking Varies with Subjectively Preferred and Disliked Music},
  author={Halko, Marja-Liisa and Kaustia, Markku},
  journal={PLoS ONE},
  volume={10},
  number={8},
  pages={e0135436},
  year={2015},
  publisher={Public Library of Science}
},

@book{kauder2015history,
  title={History of Marginal Utility Theory},
  author={Kauder, Emil},
  year={2015},
  publisher={Princeton University Press}
},

@article{berns2010neural,
  title={Neural mechanisms of the influence of popularity on adolescent ratings of music},
  author={Berns, Gregory S and Capra, C Monica and Moore, Sara and Noussair, Charles},
  journal={Neuroimage},
  volume={49},
  number={3},
  pages={2687--2696},
  year={2010},
  publisher={Elsevier}
}, 

@article{halko2015hedonic,
  title={Hedonic context modulates risky choices and reward responses in amygdala and dorsal striatum.},
  author={Halko, Marja-Liisa and M{\"a}kel{\"a}, Tuomas and Nummenmaa, Lauri and Hlushchuk, Yevhen and Sch{\"u}rmann, Martin},
  journal={Journal of Neuroscience, Psychology, and Economics},
  volume={8},
  number={2},
  pages={100},
  year={2015},
  publisher={Educational Publishing Foundation}
},

@article{vastfjall2002emotion,
  title={Emotion induction through music: A review of the musical mood induction procedure},
  author={V{\"a}stfj{\"a}ll, Daniel},
  journal={Musicae Scientiae},
  volume={5},
  number={1},
  pages={173--211},
  year={2002},
  publisher={SAGE Publications}
},

@article{christenson1988genre,
  title={Genre and gender in the structure of music preferences},
  author={Christenson, Peter G and Peterson, Jon Brian},
  journal={Communication Research},
  volume={15},
  number={3},
  pages={282--301},
  year={1988},
  publisher={Sage Publications}
},


@article{leblanc1996music,
  title={Music style preferences of different age listeners},
  author={LeBlanc, Albert and Sims, Wendy L and Siivola, Carolyn and Obert, Mary},
  journal={Journal of Research in Music Education},
  volume={44},
  number={1},
  pages={49--59},
  year={1996},
  publisher={SAGE Publications}
},

@article{krumhansl2013cascading,
  title={Cascading reminiscence bumps in popular music},
  author={Krumhansl, Carol Lynne and Zupnick, Justin Adam},
  journal={Psychological science},
  volume={24},
  number={10},
  pages={2057--2068},
  year={2013},
  publisher={Sage Publications}
},

@article{peterson1996changing,
  title={Changing highbrow taste: From snob to omnivore},
  author={Peterson, Richard A and Kern, Roger M},
  journal={American sociological review},
  pages={900--907},
  year={1996},
  publisher={JSTOR}
},

@article{leblanc1999effect,
  title={Effect of age, country, and gender on music listening preferences},
  author={LeBlanc, Albert and Jin, Young Chang and Stamou, Lelouda and McCrary, Jan},
  journal={Bulletin of the council for Research in Music Education},
  pages={72--76},
  year={1999},
  publisher={JSTOR}
},

@article{leblanc1996music,
  title={Music style preferences of different age listeners},
  author={LeBlanc, Albert and Sims, Wendy L and Siivola, Carolyn and Obert, Mary},
  journal={Journal of Research in Music Education},
  volume={44},
  number={1},
  pages={49--59},
  year={1996},
  publisher={SAGE Publications}
},

@article{schafer2009functions,
  title={From the functions of music to music preference},
  author={Sch{\"a}fer, Thomas and Sedlmeier, Peter},
  journal={Psychology of Music},
  volume={37},
  number={3},
  pages={279--300},
  year={2009},
  publisher={Sage Publications Sage UK: London, England}
},

@inproceedings{pohle2005evaluation,
  title={Evaluation of frequently used audio features for classification of music into perceptual categories},
  author={Pohle, Tim and Pampalk, Elias and Widmer, Gerhard},
  booktitle={Proceedings of the International Workshop on Content-Based Multimedia Indexing},
  year={2005}
},

@article{north2013musical,
  title={Musical taste, employment, education, and global region},
  author={North, Adrian C and Davidson, Jane W},
  journal={Scandinavian journal of psychology},
  volume={54},
  number={5},
  pages={432--441},
  year={2013},
  publisher={Wiley Online Library}
},

@article{yang2008regression,
  title={A regression approach to music emotion recognition},
  author={Yang, Yi-Hsuan and Lin, Yu-Ching and Su, Ya-Fan and Chen, Homer H},
  journal={IEEE Transactions on audio, speech, and language processing},
  volume={16},
  number={2},
  pages={448--457},
  year={2008},
  publisher={IEEE}
},

@article{gabrielsson2001emotion,
  title={Emotion perceived and emotion felt: Same or different?},
  author={Gabrielsson, Alf},
  journal={Musicae Scientiae},
  volume={5},
  number={1\_suppl},
  pages={123--147},
  year={2001},
  publisher={SAGE Publications Sage UK: London, England}
},


@inproceedings{kim2010music,
  title={Music emotion recognition: A state of the art review},
  author={Kim, Youngmoo E and Schmidt, Erik M and Migneco, Raymond and Morton, Brandon G and Richardson, Patrick and Scott, Jeffrey and Speck, Jacquelin A and Turnbull, Douglas},
  booktitle={Proc. ISMIR},
  pages={255--266},
  year={2010},
  organization={Citeseer}
},

@article{posner2005circumplex,
  title={The circumplex model of affect: An integrative approach to affective neuroscience, cognitive development, and psychopathology},
  author={Posner, Jonathan and Russell, James A and Peterson, Bradley S},
  journal={Development and psychopathology},
  volume={17},
  number={03},
  pages={715--734},
  year={2005},
  publisher={Cambridge Univ Press}
}

@article{roberts1990music,
  title={Music Listening vs. Television Viewing among Older Adolescents.},
  author={Roberts, Donald F and Henriksen, Lisa},
  year={1990},
  publisher={ERIC}
},

@article{areni1993influence,
  title={The influence of background music on shopping behavior: classical versus top-forty music in a wine store},
  author={Areni, Charles S and Kim, David},
  journal={NA-Advances in Consumer Research Volume 20},
  year={1993}
},

@article{turley2000atmospheric,
  title={Atmospheric effects on shopping behavior: a review of the experimental evidence},
  author={Turley, Lou W and Milliman, Ronald E},
  journal={Journal of business research},
  volume={49},
  number={2},
  pages={193--211},
  year={2000},
  publisher={Elsevier}
},

@article{mccown1997role,
  title={The role of personality and gender in preference for exaggerated bass in music},
  author={McCown, William and Keiser, Ross and Mulhearn, Shea and Williamson, David},
  journal={Personality and Individual Differences},
  volume={23},
  number={4},
  pages={543--547},
  year={1997},
  publisher={Elsevier}
},

@article{leon1979personality,
  title={Personality stability and change over a 30-year period—middle age to old age.},
  author={Leon, Gloria R and Gillum, Brenda and Gillum, Richard and Gouze, Marshall},
  journal={Journal of Consulting and Clinical Psychology},
  volume={47},
  number={3},
  pages={517--524},
  year={1979},
  publisher={American Psychological Association}
},

@article{mcfarlane1988mood,
  title={Mood fluctuations},
  author={McFarlane, Jessica and Martin, Carol Lynn and Williams, Tannis MacBeth},
  journal={Psychology of Women Quarterly},
  volume={12},
  number={2},
  pages={201--223},
  year={1988},
  publisher={Wiley Online Library}
},

@article{north1999influence,
  title={The influence of in-store music on wine selections.},
  author={North, Adrian C and Hargreaves, David J and McKendrick, Jennifer},
  journal={Journal of Applied Psychology},
  volume={84},
  number={2},
  pages={271},
  year={1999},
  publisher={American Psychological Association}
},

@article{friedman2012re,
  title={Re-exploring the influence of sad mood on music preference},
  author={Friedman, Ronald S and Gordis, Elana and F{\"o}rster, Jens},
  journal={Media Psychology},
  volume={15},
  number={3},
  pages={249--266},
  year={2012},
  publisher={Taylor \& Francis}
}, 

@article{kim1993influence,
  title={The influence of background music on shopping behavior: Classical versus top-forty music in a wine store},
  author={Kim, David and Areni, Charles S},
  journal={Advances in Consumer Research},
  volume={20},
  number={1},
  pages={336--340},
  year={1993},
  publisher={Association for Consumer Research (ACR)}
},

@article{patel2006comparing,
  title={Comparing the rhythm and melody of speech and music: The case of {British English and French}},
  author={Patel, Aniruddh D and Iversen, John R and Rosenberg, Jason C},
  journal={The Journal of the Acoustical Society of America},
  volume={119},
  number={5},
  pages={3034--3047},
  year={2006},
  publisher={Acoustical Society of America}
},

@article{cheour1998development,
  title={Development of language-specific phoneme representations in the infant brain},
  author={Cheour, Marie and Ceponiene, Rita and Lehtokoski, Anne and Luuk, Aavo and Allik, J{\"u}ri and Alho, Kimmo and N{\"a}{\"a}t{\"a}nen, Risto},
  journal={Nature Neuroscience},
  volume={1},
  number={5},
  pages={351--353},
  year={1998},
  publisher={Nature Publishing Group}
},

@article{rivera2005neural,
  title={Neural patterns to speech and vocabulary growth in American infants},
  author={Rivera-Gaxiola, Maritza and Klarman, Lindsay and Garcia-Sierra, Adrian and Kuhl, Patricia K},
  journal={NeuroReport},
  volume={16},
  number={5},
  pages={495--498},
  year={2005},
  publisher={LWW}
},

@article{huron2003agogic,
  title={Agogic contrast in {French and English} themes: Further support for Patel and Daniele (2003)},
  author={Huron, David and Ollen, Joy},
  journal={Music Perception},
  volume={21},
  number={2},
  pages={267--271},
  year={2003},
  publisher={University of California Press Journals}
},

@inproceedings{daniele2004interplay,
  title={The interplay of linguistic and historical influences on musical rhythm in different cultures},
  author={Daniele, Joseph R and Patel, Aniruddh D},
  organization={International Conference on Music Perception and Cognition},
  booktitle={Proceedings of the International Conference on Music Perception and Cognition},
  pages={3--7},
  year={2004}
},

@article{cuzick1985wilcoxon,
  title={A wilcoxon-type test for trend},
  author={Cuzick, Jack},
  journal={Statistics in medicine},
  volume={4},
  number={4},
  pages={543--547},
  year={1985},
  publisher={Wiley Online Library}
},

@article{kendall1938new,
  title={A new measure of rank correlation},
  author={Kendall, Maurice G},
  journal={Biometrika},
  volume={30},
  number={1/2},
  pages={81--93},
  year={1938},
  publisher={JSTOR}
},

@article{loftus1974reconstruction,
  title={Reconstruction of automobile destruction: An example of the interaction between language and memory},
  author={Loftus, Elizabeth F and Palmer, John C},
  journal={Journal of verbal learning and verbal behavior},
  volume={13},
  number={5},
  pages={585--589},
  year={1974},
  publisher={Elsevier}
},

@article{peterson1975cycles,
  title={Cycles in symbol production: The case of popular music},
  author={Peterson, Richard A and Berger, David G},
  journal={American sociological review},
  pages={158--173},
  year={1975},
  publisher={JSTOR}
},

@article{peterson1992seven,
  title={SEVEN How Musical Tastes Mark Occupational Status Groups},
  author={Peterson, Richard A and Simkus, Albert},
  journal={Cultivating differences: Symbolic boundaries and the making of inequality},
  volume={152},
  year={1992},
  publisher={University of Chicago Press}
},

@article{peterson2005problems,
  title={Problems in comparative research: The example of omnivorousness},
  author={Peterson, Richard A},
  journal={poetics},
  volume={33},
  number={5},
  pages={257--282},
  year={2005},
  publisher={Elsevier}
},

@article{warde1999consumption,
  title={Consumption and the problem of variety: cultural omnivorousness, social distinction and dining out},
  author={Warde, Alan and Martens, Lydia and Olsen, Wendy},
  journal={Sociology},
  volume={33},
  number={1},
  pages={105--127},
  year={1999},
  publisher={Cambridge University Press}
},

@article{warde2009anatomy,
  title={The anatomy of cultural omnivorousness: The case of the United Kingdom},
  author={Warde, Alan and Gayo-Cal, Modesto},
  journal={Poetics},
  volume={37},
  number={2},
  pages={119--145},
  year={2009},
  publisher={Elsevier}
},

@article{warde2007understanding,
  title={Understanding cultural omnivorousness: Or, the myth of the cultural omnivore},
  author={Warde, Alan and Wright, David and Gayo-Cal, Modesto},
  journal={Cultural sociology},
  volume={1},
  number={2},
  pages={143--164},
  year={2007},
  publisher={Sage Publications}
},

@article{sullivan2007omnivore,
  title={The omnivore thesis revisited: Voracious cultural consumers},
  author={Sullivan, Oriel and Katz-Gerro, Tally},
  journal={European sociological review},
  volume={23},
  number={2},
  pages={123--137},
  year={2007},
  publisher={Oxford Univ Press}
},

@article{de1991distinction,
  title={Distinction by consumption in Czechoslovakia, Hungary, and the Netherlands},
  author={De Graaf, Nan Dirk},
  journal={European sociological review},
  volume={7},
  number={3},
  pages={267--290},
  year={1991},
  publisher={Oxford Univ Press}
},

@book{chan2010social,
  title={Social status and cultural consumption},
  author={Chan, Tak Wing},
  year={2010},
  publisher={Cambridge University Press}
},

@article{chan2005social,
  title={The social stratification of theatre, dance and cinema attendance},
  author={Chan, Tak Wing and Goldthorpe, John H},
  journal={Cultural Trends},
  volume={14},
  number={3},
  pages={193--212},
  year={2005},
  publisher={Taylor \& Francis}
},

@article{chan2007socialmusic,
  title={Social stratification and cultural consumption: Music in England},
  author={Chan, Tak Wing and Goldthorpe, John H},
  journal={European sociological review},
  volume={23},
  number={1},
  pages={1--19},
  year={2007},
  publisher={Oxford Univ Press}
},

@article{tenenbaum2011grow,
  title={How to grow a mind: Statistics, structure, and abstraction},
  author={Tenenbaum, Joshua B and Kemp, Charles and Griffiths, Thomas L and Goodman, Noah D},
  journal={science},
  volume={331},
  number={6022},
  pages={1279--1285},
  year={2011},
  publisher={American Association for the Advancement of Science}
},

@article{chan2007socialvisual,
  title={Social stratification and cultural consumption: The visual arts in England},
  author={Chan, Tak Wing and Goldthorpe, John H},
  journal={Poetics},
  volume={35},
  number={2-3},
  pages={168--190},
  year={2007},
  publisher={Elsevier}
},

@article{katz2002highbrow,
  title={Highbrow cultural consumption and class distinction in Italy, Israel, West Germany, Sweden, and the United States},
  author={Katz-Gerro, Tally},
  journal={Social forces},
  volume={81},
  number={1},
  pages={207--229},
  year={2002},
  publisher={Oxford University Press}
},

@article{lopez2005exclusive,
  title={From exclusive to inclusive elitists and further: Twenty years of omnivorousness and cultural diversity in arts participation in the USA},
  author={L{\'o}pez-Sintas, Jordi and Katz-Gerro, Tally},
  journal={Poetics},
  volume={33},
  number={5},
  pages={299--319},
  year={2005},
  publisher={Elsevier}
},

@article{katz2004cultural,
  title={Cultural consumption research: review of methodology, theory, and consequence},
  author={Katz-Gerro, Tally},
  journal={International Review of Sociology},
  volume={14},
  number={1},
  pages={11--29},
  year={2004},
  publisher={Taylor \& Francis}
},

@article{lizardo2009highbrow,
  title={Highbrow omnivorousness on the small screen?: Cultural industry systems and patterns of cultural choice in Europe},
  author={Lizardo, Omar and Skiles, Sara},
  journal={Poetics},
  volume={37},
  number={1},
  pages={1--23},
  year={2009},
  publisher={Elsevier}
},

@article{sagar1998human,
  title={The human development index: a critical review},
  author={Sagar, Ambuj D and Najam, Adil},
  journal={Ecological economics},
  volume={25},
  number={3},
  pages={249--264},
  year={1998},
  publisher={Elsevier}
},

@article{hicks1997inequality,
  title={The inequality-adjusted human development index: a constructive proposal},
  author={Hicks, Douglas A},
  journal={World development},
  volume={25},
  number={8},
  pages={1283--1298},
  year={1997},
  publisher={Elsevier}
},

@article{chowdhury1991human,
  title={Human development index: A critique},
  author={Chowdhury, Omar Haider},
  journal={The Bangladesh development studies},
  volume={19},
  number={3},
  pages={125--127},
  year={1991},
  publisher={JSTOR}
},

@article{le2008class,
  title={Class and cultural division in the UK},
  author={Le Roux, Brigitte and Rouanet, Henry and Savage, Mike and Warde, Alan},
  journal={Sociology},
  volume={42},
  number={6},
  pages={1049--1071},
  year={2008},
  publisher={Sage Publications Sage UK: London, England}
},

@article{hicks1997inequality,
  title={The inequality-adjusted human development index: a constructive proposal},
  author={Hicks, Douglas A},
  journal={World development},
  volume={25},
  number={8},
  pages={1283--1298},
  year={1997},
  publisher={Elsevier}
},

@article{molteni2003consumption,
  title={Consumption patterns, digital technology and music downloading},
  author={Molteni, Luca and Ordanini, Andrea},
  journal={Long Range Planning},
  volume={36},
  number={4},
  pages={389--406},
  year={2003},
  publisher={Elsevier}
}